<record><leader>03684pam a2200493 i 4500</leader><controlfield tag="001">6756545</controlfield><controlfield tag="003">OCoLC</controlfield><controlfield tag="005">20141124110132.0</controlfield><controlfield tag="008">140317t20152015nyuabj   b    001 0 eng  </controlfield><datafield ind1=" " ind2=" " tag="010"><subfield code="a">  2014009752</subfield></datafield><datafield ind1=" " ind2=" " tag="020"><subfield code="a">9781107021754 (hardcover)</subfield></datafield><datafield ind1=" " ind2=" " tag="020"><subfield code="a">1107021758 (hardcover)</subfield></datafield><datafield ind1=" " ind2=" " tag="020"><subfield code="a">9781107633889 (pbk.)</subfield></datafield><datafield ind1=" " ind2=" " tag="020"><subfield code="a">1107633885 (pbk.)</subfield></datafield><datafield ind1="8" ind2=" " tag="024"><subfield code="a">40024181882</subfield></datafield><datafield ind1=" " ind2=" " tag="035"><subfield code="a">ocn876679976</subfield></datafield><datafield ind1=" " ind2=" " tag="040"><subfield code="a">DLC</subfield><subfield code="b">eng</subfield><subfield code="e">rda</subfield><subfield code="c">DLC</subfield><subfield code="d">BTCTA</subfield><subfield code="d">OCLCO</subfield><subfield code="d">BDX</subfield><subfield code="d">OCLCF</subfield><subfield code="d">YDXCP</subfield><subfield code="d">CUI</subfield><subfield code="d">OCLCO</subfield><subfield code="d">COO</subfield><subfield code="d">YUS</subfield><subfield code="d">UAB</subfield></datafield><datafield ind1=" " ind2=" " tag="042"><subfield code="a">pcc</subfield></datafield><datafield ind1=" " ind2=" " tag="043"><subfield code="a">ff-----</subfield><subfield code="a">e------</subfield><subfield code="a">aw-----</subfield></datafield><datafield ind1="0" ind2="0" tag="050"><subfield code="a">D141</subfield><subfield code="b">.C36 2015</subfield></datafield><datafield ind1="0" ind2="0" tag="082"><subfield code="a">937/.09</subfield><subfield code="2">23</subfield></datafield><datafield ind1=" " ind2=" " tag="090"><subfield code="a">D 141 C36 2015</subfield><subfield code="b">AEU</subfield></datafield><datafield ind1=" " ind2=" " tag="090"><subfield code="a">D141 .C36 2015</subfield><subfield code="b">AEGMCT</subfield></datafield><datafield ind1="0" ind2="4" tag="245"><subfield code="a">The Cambridge companion to the Age of Attila /</subfield><subfield code="c">edited by Michael Maas (Rice University).</subfield></datafield><datafield ind1="3" ind2="0" tag="246"><subfield code="a">Age of Attila</subfield></datafield><datafield ind1=" " ind2="1" tag="264"><subfield code="a">New York, NY :</subfield><subfield code="b">Cambridge University Press,</subfield><subfield code="c">2015.</subfield></datafield><datafield ind1=" " ind2="4" tag="264"><subfield code="c">&#169;2015</subfield></datafield><datafield ind1=" " ind2=" " tag="300"><subfield code="a">xxiii, 495 pages :</subfield><subfield code="b">illustrations, maps, genealogical tables ;</subfield><subfield code="c">24 cm.</subfield></datafield><datafield ind1=" " ind2=" " tag="336"><subfield code="a">text</subfield><subfield code="2">rdacontent</subfield></datafield><datafield ind1=" " ind2=" " tag="337"><subfield code="a">unmediated</subfield><subfield code="2">rdamedia</subfield></datafield><datafield ind1=" " ind2=" " tag="338"><subfield code="a">volume</subfield><subfield code="2">rdacarrier</subfield></datafield><datafield ind1="1" ind2=" " tag="490"><subfield code="a">Cambridge companions to the ancient world</subfield></datafield><datafield ind1=" " ind2=" " tag="504"><subfield code="a">Includes bibliographical references (pages 425-467) and index.</subfield></datafield><datafield ind1="0" ind2=" " tag="505"><subfield code="a">Part I. The Roman Empire -- Reversals of fortune: an overview of the Age of Attila / Michael Maas -- Government and mechanisms of control, east and west / Geoffrey Greatrex -- Urban and rural economies in the Age of Attila / Peter Sarris -- Mediterranean cities in the fifth century: elites, Christianizing, and the barbarian influx / Kenneth G. Holum -- Big cities and the dynamics of the Mediterranean during the fifth century / Raymond Van Dam -- Dynasty and aristocracy in the fifth century / Brian Croke -- Military developments in the fifth century / Hugh Elton -- Law and legal culture in the Age of Attila / Caroline Humfress -- Romanness in the Age of Attila / Jonathan P. Conant -- Part II. Attila and the world around Rome -- The steppe world and the rise of the Huns / &#201;tienne de la Vaissi&#232;re -- Neither conquest nor settlement: Attila's empire and its impact / Christopher Kelly -- The Huns and barbarian Europe / Peter Heather -- Captivity among the barbarians and its impact on the fate of the Roman Empire / Noel Lenski -- Migrations, ethnic groups, and state building / Walter Pohl -- Kingdoms of north Africa / Andy Merrills -- The reinvention of Iran: the Sasanian Empire and the Huns / Richard Payne -- Part III. Religious and cultural transformation -- Ascetics and monastics in the early fifth century / Susanna Elm -- Religious doctrine and ecclesiastical change in the time of Leo the Great / Susan Wessel -- Christian sermons against pagans: the evidence from Augustine's sermons on the new year and on the sack of Rome in 410 / Michele Renee Salzman -- Mediterranean Jews in a Christianizing empire / Joseph E. Sanzo and Ra'anan Boustan -- Ordering intellectual life / Edward Watts -- Real and imagined geography / Scott Fitzgerald Johnson.</subfield></datafield><datafield ind1=" " ind2=" " tag="596"><subfield code="a">16 29 43</subfield></datafield><datafield ind1="0" ind2="0" tag="600"><subfield code="a">Attila,</subfield><subfield code="d">-453.</subfield></datafield><datafield ind1=" " ind2="0" tag="650"><subfield code="a">Huns</subfield><subfield code="x">History.</subfield></datafield><datafield ind1=" " ind2="0" tag="651"><subfield code="a">Rome</subfield><subfield code="x">History</subfield><subfield code="y">Empire, 284-476.</subfield></datafield><datafield ind1="1" ind2=" " tag="700"><subfield code="a">Maas, Michael,</subfield><subfield code="d">1951-</subfield><subfield code="e">editor,</subfield><subfield code="e">author.</subfield></datafield><datafield ind1=" " ind2="0" tag="830"><subfield code="a">Cambridge companions to the ancient world.</subfield></datafield><datafield ind1=" " ind2=" " tag="949"><subfield code="a">D 141 C36 2015</subfield><subfield code="c">1</subfield><subfield code="h">UAAU-B</subfield><subfield code="i">0162035196839</subfield></datafield><datafield ind1=" " ind2=" " tag="926"><subfield code="a">D 141 C36 2015</subfield><subfield code="w">LC</subfield><subfield code="c">1</subfield><subfield code="i">0162035196839</subfield><subfield code="l">ON_SHELF</subfield><subfield code="m">UAAUG</subfield><subfield code="p">$150.00</subfield><subfield code="r">Y</subfield><subfield code="s">Y</subfield><subfield code="t">BOOK</subfield><subfield code="u">12/9/2014</subfield></datafield><datafield ind1=" " ind2=" " tag="926"><subfield code="a">D 141 C36 2015</subfield><subfield code="w">LC</subfield><subfield code="c">1</subfield><subfield code="i">0162035197043</subfield><subfield code="d">12/17/2016</subfield><subfield code="e">9/27/2016</subfield><subfield code="l">ON_SHELF</subfield><subfield code="m">UAHSS</subfield><subfield code="n">7</subfield><subfield code="p">$150.00</subfield><subfield code="r">Y</subfield><subfield code="s">Y</subfield><subfield code="t">BOOK</subfield><subfield code="u">12/11/2014</subfield></datafield><datafield ind1=" " ind2=" " tag="926"><subfield code="a">D141 .C36 2015</subfield><subfield code="w">LC</subfield><subfield code="c">1</subfield><subfield code="i">1007429416</subfield><subfield code="d">3/18/2016</subfield><subfield code="e">3/17/2016</subfield><subfield code="l">ON_SHELF</subfield><subfield code="m">GR_MACEWAN</subfield><subfield code="n">2</subfield><subfield code="p">$109.28</subfield><subfield code="r">Y</subfield><subfield code="s">Y</subfield><subfield code="t">BOOK</subfield><subfield code="u">12/17/2014</subfield></datafield></record>